@TECHREPORT{VR02.1,
  author =       {J. Vreeken},
  title =        {A friendly introduction to reaction-diffusion systems.},
  institution =  {Institute of Information and Computing Sciences, Utrecht University
                   P.O. Box 80.089 3508 TB Utrecht The Netherlands,},
  year =         {2002},
  type =         {Internship paper},
  month =        {July},
}


@ARTICLE{WA03.1,
  author = {J.P. Ward and J.R. King and A.J. Koerber and J.M. Croft and R.E.
           Sockett and P. Williams},
  month = {March},
  year = 2003,
  title = {Early Development and Quorum Sensing in Bacterial Biofilms},
  journal = {J. Math. Biol.}

}
@ARTICLE{CH02.1,
  author = {D.L. Chopp and M.J. Kirisits and B. Moran and MR Parsek},
  year = 2002,
  title = {A mathematical model of quorum sensing in a growing bacterial
          biofilm},
  journal = {Jurnal of Industrial Microbiology and Biotecnology},
  volume = 29,
  pages = {339-346}
}
@ARTICLE{CZ02.1,
  author = {M.H. Czechwski and P. Stoodley},
  year = 2002,
  title = {Biofilms and Biocides Introduction antimicrobials and Biofilms},
  journal = {Jurnal of Industrial Microbiology and Biotecnology},
  volume = 29,
  pages = 325
}
@ARTICLE{DO02.1,
  author = {R.M. Donlan},
  month = {September},
  year = 2002,
  title = {Biofilms: Microbial Life on Surfaces},
  journal = {Emerging Infectious Diseases},
  volume = 8,
  number = 9,
  pages = {881-890}
}
@ARTICLE{WE02.1,
  author = {G.H. Weiss},
  year = 2002,
  title = {Some Applications of Persistent Random Walks and the Telegrapher's
          Equation},
  journal = {Phisica A},
  pages = {381-410}
}
@ARTICLE{CH01.1,
  author = {C. Chiu and F.C. Hoppensteadt},
  year = 2001,
  title = {Mathematical models and simulations of bacterial growth and
          chemotaxis in a diffusion gradient chamber},
  journal = {J. Math. Biol.},
  number = 42,
  pages = {120-144}
}
@ARTICLE{DO01.1,
  author = {J. Dockery and I. Klapper},
  year = 2001,
  title = {Finger formation in biofilms layers},
  journal = {SIAM J. Appl.Math.},
  volume = 62,
  number = 3,
  pages = {853-869}
}
@ARTICLE{HI01.1,
  author = {T. Hillen and K. Painter},
  year = 2001,
  title = {Global Existence for a Parabolic Chemotaxis Model with Prevention
          of Overcrowding},
  journal = {Advances in Applied Mathematics},
  volume = 26,
  pages = {280-301}
}
@ARTICLE{MI01.1,
  author = {M.B. Miller and B.L. Bassler},
  year = 2001,
  title = {Quorum Sensing Bacteria},
  journal = {Annu. Rev. Microbiol.},
  number = 55,
  pages = {165-199}
}
@ARTICLE{NI01.1,
  author = {P. Nilsson and A. Olofsson and M. Fagelind and T. Fagerstrom and
           S. Rice and S. Kjelleberg and P. Steinberg},
  year = 2001,
  title = {Kinetics of the {AHL} Regulatory System in a Model Biofilm System:
          How Many Bacteria Constitute a "quorum"?},
  journal = {Jurnal of Molecular Biology},
  volume = 309,
  pages = {631-640}
}
@BOOK{OKDI.1,
  author = {A. Okubo and S.A. Levin},
  year = 2001,
  title = {Diffusion and Ecological Problems: Modern Prespectives},
  edition = {Second},
  publisher = {Springer}
}
@ARTICLE{WA01.1,
  author = {J.P. Ward and J.R. King and A.J. Koerber},
  year = 2001,
  title = {Mathematical Model of Quorum Sensing in Bacteria},
  journal = {IMA J. Math. App. Med. and Biol.},
  volume = 18,
  pages = {263-292}
}
@ARTICLE{HI00.1,
  author = {T. Hillen and A. Stevens},
  year = 2000,
  title = {Hyperbolic Models for Chemotaxis in 1-D},
  journal = {Nonlinear analysis: Real World Applications},
  volume = 1,
  pages = {409-433}
}
@ARTICLE{HI00.2,
  author = {T. Hillen and H.G. Othmer},
  year = 2000,
  title = {The Diffusion Limit of Transport Equations Derived from
          Velocity-Jump Processes},
  journal = {SIAM J. Appl. Math.},
  volume = 61,
  number = 3,
  pages = {751-775}
}
@ARTICLE{KE00.1,
  author = {J.E. Keymer and P.A. Marquet and J.X. Velasco-Hern{\'a}ndez and
           S.A. Levin},
  month = {Noviembre},
  year = 2000,
  title = {Extinction Thresholds and Metapopulation Persistence in Dynamic
          Landscapes},
  journal = {The American Naturalis},
  volume = 156,
  number = 5,
  pages = {478-494}
}
@ARTICLE{WA00.1,
  author = {X. Wang},
  year = 2000,
  title = {Qualitative Behavior of Solutions of Chemotactic Diffusion Systems:
          Effects of Motility and Chemotaxis and Dynamics},
  journal = {SIAM J. Math. Anal.},
  volume = 31,
  number = 3,
  pages = {535-560}
}
@ARTICLE{WI00.1,
  author = {P. Williams and M. Camara and A. Hardman and S. Swift},
  year = 2000,
  title = {Quorum Sensing and the Popilation-Dependent Control Virulence},
  journal = {Philosophical transaction of the Royal Society (London)},
  volume = 355,
  pages = {1-4}
}
@ARTICLE{HE99.1,
  author = {C.M. Hern{\'a}ndez-Su{\'a}rez and P.A. Marquet and J.X.
           Velasco-Hern{\'a}ndez},
  year = 1999,
  title = {Threshold Parameters and Metapopulation Persistence},
  journal = {Bulletin of Mathematical Biology},
  number = 61,
  pages = {341-353}
}
@ARTICLE{BA98.1,
  author = {M. Ballyk and L. Dung and D.A. Jones and and H.L. Smith.},
  year = 1998,
  title = {Effects or random motility on microbial growth and competition in a
          flow reactor},
  journal = {SIAM J. Appl.Math.},
  volume = 59,
  number = 2,
  pages = {573-596}
}
@ARTICLE{HA98.1,
  author = {K.P. Hadeler},
  year = 1998,
  title = {Reaction Transport System in Biological Modelling},
  journal = {Math. Comp. Model},
  volume = 31,
  pages = {95-150}
}
@ARTICLE{MA97.1,
  author = {P.A. Marquet and J.X. Velasco-Hern{\'a}ndez},
  year = 1997,
  title = {A source-sink patch occupancy metapopulation model},
  journal = {Revista Chilena de Historia Nacional},
  number = 70,
  pages = {371-380}
}
@ARTICLE{HI96.1,
  author = {T.Hillen},
  year = 1996,
  title = {A Turing Model with Correlated Walk},
  journal = {J. Math. Biol.},
  volume = 35,
  pages = {49-72}
}
@ARTICLE{ST94.1,
  author = {PS Stewart},
  year = 1994,
  title = {Biofilm Accumulation Model That Predicts Antibiotic Resistence of
          Pseudomonas Aeruginosa Biofilm},
  journal = {Antimicrobial agents Chemo.},
  volume = 38,
  pages = {152-158}
}
@ARTICLE{HO93.1,
  author = {E.E. Holmes},
  month = {November},
  year = 1993,
  title = {Are Diffusion Models too Simple? a Comparison with Thelegraph
          Models od Invasion},
  journal = {The American Naturalist},
  volume = 142,
  number = 5,
  pages = {179-795}
}
@BOOK{MUMA.1,
  author = {J.D. Murray},
  year = 1993,
  title = {Mathematical Biology},
  publisher = {Springer-Verlang}
}
@ARTICLE{MA92.1,
  author = {J. Masoliver and J.M. Porr{\`a} and G.H. Weiss},
  year = 1992,
  title = {The Continuum Limit a Two-Dimensional Persistent Random Walk},
  journal = {Physica A},
  volume = 182,
  pages = {593-598}
}
@ARTICLE{FO91.1,
  author = {R.M. Ford and R.P. Bret and J. A. Quinn and A. Douglas},
  year = 1991,
  title = {Mesurement of Bacterial Random Motility and Chemotaxis
          Coefficients: I. Stopped-Flow Chamber Assay.},
  journal = {Biotechnology and Bioengineering},
  volume = 37,
  pages = {647-660}
}
@ARTICLE{FO91.2,
  author = {R.M. Ford and D.A. Lauffenburger},
  year = 1991,
  title = {Mesurement of Bacterial Random Motility and Chemotaxis
          Coefficients: II. Application of Single-Cell-Based Mathematical
          Model},
  journal = {Biotechnology and Bioengineering},
  volume = 37,
  pages = {661-672}
}
@ARTICLE{LI88.1,
  author = {C.S. Lin and W.M. Ni and I Takagi},
  year = 1988,
  title = {Large Amplitude Stationary Solutions to a Chemotaxis System},
  journal = {J. Diff. Equat.},
  volume = 72,
  pages = {1-27}
}
@ARTICLE{WA86.1,
  author = {O. Wanner and W. Gujer},
  year = 1986,
  title = {A Multispecies Biofilm Model},
  journal = {Bioctecnology and Bioengineeiring},
  volume = 28,
  pages = {314-328}
}
@ARTICLE{SE77.1,
  author = {L.A. Seguel},
  year = 1977,
  title = {A Theoretical Study of Receptor Mechanisms in Bacterial Chemotaxis},
  journal = {SIAM J. Appl. Math.},
  volume = 32,
  pages = {653-665}
}
@BOOK{CRTH.1,
  author = {J. Crank},
  year = 1975,
  title = {The Mathematics of Diffusion},
  edition = {Second},
  publisher = {Oxford University Press}
}
@ARTICLE{KA74.1,
  author = {M. Kac},
  year = 1974,
  title = {A Stochastic Model Related to the Telegrapher's Equation},
  journal = {Rocky Mountain Journal of Mathematics},
  volume = 4,
  number = 3,
  pages = {497-509}
}
@BOOK{LIMA.1,
  author = {C.C. Lin and L.A Segel},
  year = 1974,
  title = {Mathematics Applied to Deterministic Problems in the Natural
          Sciences},
  publisher = {Macmillan Publishing}
}
@ARTICLE{KE70.1,
  author = {E.F. Keller and L. A. Segel},
  year = 1970,
  title = {Initiation of Slime Mold Aggregation Viewed as an Instability},
  journal = {J. Theor. Biol.},
  volume = 26,
  pages = {399-415}
}
